

@ARTICLE{Commissariat2018-ee,
  title     = "Two paths, diverged",
  author    = "Commissariat, Tushna",
  journal   = "Phys. World",
  publisher = "IOP Publishing",
  volume    =  31,
  number    =  9,
  pages     = "44--45",
  month     =  sep,
  year      =  2018,
  copyright = "http://iopscience.iop.org/page/copyright"
}

@manual{PASCO2024CavMan,
    title = "Heat {E}ngine and {G}as {L}aw {A}pparatus",
    year = 2024,
    organization = "PASCO scientific",
    url= {https://www.pasco.com/products/lab-apparatus/thermodynamics/heat-engine/heat-engine-and-gas-law-apparatus}
}

@incollection{STAMNES20032467,
    title = {Ultraviolet {R}adiation},
    editor = {James R. Holton},
    booktitle = {Encyclopedia of Atmospheric Sciences},
    publisher = {Academic Press},
    address = {Oxford},
    pages = {2467-2473},
    year = {2003},
    isbn = {978-0-12-227090-1},
    doi = {https://doi.org/10.1016/B0-12-227090-8/00444-9},
    url = {https://www.sciencedirect.com/science/article/pii/B0122270908004449},
    author = {K. Stamnes}
}



@manual{LabManual,
    title = "{T}1 â€“ {H}eat Engine / {G}as {L}aw {A}pparatus",
    author = "Lab coordinators et. al",
    year = 2024
}

@article{Saslow2020AHO,
  title={{A} {H}istory of {T}hermodynamics: {T}he {M}issing {M}anual},
  author={Wayne M. Saslow},
  journal={Entropy},
  year={2020},
  volume={22},
  url={https://api.semanticscholar.org/CorpusID:210875788}
}

@misc{LumenLearning,
  author = {LumenLearning},
  title = {{T}he {S}pread of {S}team {P}ower | {H}istory of {W}estern {C}ivilization {I}{I}},
  year = "nd", 
  howpublished = {Available: \url{https://courses.lumenlearning.com/suny-hccc-worldhistory2/chapter/the-spread-of-steam-power/}},
  note = {(visited on 26/11/2024)}
}

@incollection{AHMED201029,
title = {Chapter 2 - {R}eservoir-{F}luid {P}roperties},
editor = {Tarek Ahmed},
booktitle = {Reservoir Engineering Handbook (Fourth Edition)},
publisher = {Gulf Professional Publishing},
edition = {Fourth Edition},
address = {Boston},
pages = {29-135},
year = {2010},
isbn = {978-1-85617-803-7},
doi = {https://doi.org/10.1016/B978-1-85617-803-7.50010-9},
author = {Tarek Ahmed},
}

@online{GLaws,
  author = {MultiMedia LLC},
  title = {{MS Windows NT} Kernel Description},
  year = 1999,
  url = {http://web.archive.org/web/20080207010024/http://www.808multimedia.com/winnt/kernel.htm},
  urldate = {2010-09-30}
}

@book{Brown,
    title = {The Gas Laws},
    booktitle = {Chemistry - The Central Science 12e},
    publisher = {Financial Times Prentice Hall},
    pages = {387-391},
    year = {2017},
    isbn = {978-0134414232},
    author = {Theodore L. Brown}
}

@BOOK{Ling2016-bs,
  title    = "University {P}hysics II: {T}hermodynamics",
  author   = "Ling, Samuel J and Sanny, Jeff and Moebs, William",
  month    =  oct,
  year     =  2016,
  publisher = "OpenStax",
  language = "en"
}

@phdthesis{Bassie2012-pw,
    author = "Bassie, Yigermal",
    title = "Optimized {E}fficiency of a stochastically driven {Q}uantum {D}ot {H}eat
               {E}ngine",
    school = "Addis Ababa University",
    year = 2012,
    doi = {10.13140/RG.2.2.24345.83043}
}

@incollection{DINCER2018125,
title = {4.5 {H}eat {E}ngines},
editor = {Ibrahim Dincer},
booktitle = {Comprehensive Energy Systems},
publisher = {Elsevier},
address = {Oxford},
pages = {125-168},
year = {2018},
isbn = {978-0-12-814925-6},
doi = {https://doi.org/10.1016/B978-0-12-809597-3.00405-3},
author = {Ibrahim Dincer and Ahmed Hasan},
}

@Inbook{Zohuri2019,
author="Zohuri, Bahman
and McDaniel, Patrick",
title="{W}ork and {H}eat",
bookTitle="Thermodynamics in Nuclear Power Plant Systems",
year="2019",
publisher="Springer International Publishing",
address="Cham",
pages="65--97",
isbn="978-3-319-93919-3",
doi="10.1007/978-3-319-93919-3_4",
}

@incollection{BARBIR201317,
title = {Chapter {T}wo - {F}uel {C}ell {B}asic {C}hemistry and {T}hermodynamics},
editor = {Frano Barbir},
booktitle = {PEM Fuel Cells (Second Edition)},
publisher = {Academic Press},
edition = {Second Edition},
address = {Boston},
pages = {17-32},
year = {2013},
isbn = {978-0-12-387710-9},
doi = {https://doi.org/10.1016/B978-0-12-387710-9.00002-3},
author = {Frano Barbir}
}

@online{Eni,
  author = {Eni. Generalic},
  title = {Carnot {C}ycle},
  year = 2022,
  url = {https://glossary.periodni.com},
  urldate = {2024-11-26}
}